@string{aa     =  {Astron. Astrophys.}}                  %{Astronomy and Astrophysics}
@string{aass   =  {Astron. Astrophys. Supp. Ser.}}       %{Astronomy and Astrophysics Supplement Series}
@string{aipcp  =  {AIP Conf. Proc.}}                     %{AIP Conference Proceedings}
@string{ajp    =  {American Journal of Physics}}         %{American Journal of Physics}
@string{apj    =  {Astrophys. J.}}                       %{Astrophysical Journal}
@string{aplett =  {Astrophys. Lett.}}                    %{Astrophysical Letters}
@string{apjs   =  {Astrophys. J. Supp. Ser.}}            %{Astrophysical Journal Supplement Series}
@string{am     =  {Ann. Math.}}                          %{Annals of Mathematics}
@string{ap     =  {Ann. Phys.}}                          %{Annals of Physics}
@string{anyas  =  {Ann. N. Y. Acad. Sciences}}           %{Annals of the New York Academy of Sciences}
@string{arnps  =  {Annu. Rev. Nucl. Part. Sci.}}         %{Annual Review of Nuclear and Particle Science}
@string{araa   =  {Annu. Rev. Astron. Astrophys.}}       %{Annual Review of Astronomy and Astrophyics}
@string{cqg    =  {Class. Quantum Grav.}}                %{Classical and Quantum Gravity}
@string{cmp    =  {Commun. Math. Phys.}}                 %{Communications in Mathematical Physics}
@string{cpc    =  {Computer Physics Communications}}     %
@string{CUP    =  {Cambridge University Press}}          %
@string{grg    =  {Gen. Rel. Grav.}}                     %{General Relativity and Gravitation}
@string{ijmpa  =  {Int. J. Mod. Phys. A}}                %{International Journal of Modern Physics A}
@string{ijmpa  =  {Int. J. Mod. Phys. C}}                %{International Journal of Modern Physics C}
@string{ijmpd  =  {Int. J. Mod. Phys. D}}                %{International Journal of Modern Physics D}
@string{jap    =  {J. App. Phys.}}                       %{Journal of Applied Physics}
@string{jcp    =  {J. Comp. Phys.}}                      %{Journal of Computational Physics}
@string{jpcs   =  {J. Phys. Conf. Ser.}}                 %{Journal of Physics: Conference Series}
@string{jmp    =  {J. Math. Phys.}}                      %{Journal of Mathematical Physics}
@string{lnp    =  {Lecture Notes in Physics}}            %
@string{lrr    =  {Living Rev. Relativity}}              %{Living Reviews in Relativity}
@string{mnras  =  {Mon. Not. R. Astron. Soc.}}           %{Monthly Notices of the Royal Astronomical Society}
@string{njp    =  {New Jour. Phys.}}                     %{New Journal of Physics}
@string{OUP    =  {Oxford University Press}}             %
@string{pla    =  {Phys. Lett. A}}                       %{Physics Letters A}
@string{plb    =  {Phys. Lett. B}}                       %{Physics Letters B}
@string{prpt   =  {Phys. Rept.}}                         %
@string{pr     =  {Phys. Rev.}}                          %{Physical Review}
@string{pra    =  {Phys. Rev. A}}                        %{Physical Review A}
@string{prd    =  {Phys. Rev. D}}                        %{Physical Review D}
@string{prl    =  {Phys. Rev. Lett.}}                    %{Physical Review Letters}
@string{prsla  =  {Proc. R. Soc. London Ser. A}}         %{Proceedings of the Royal Society of London Series A}
@string{ptp    =  {Prog. Theor. Phys.}}                  %{Progress of Theoretical Physics}
@string{ptps   =  {Prog. Theor. Phys. Suppl.}}           %
@string{ptrsl  =  {Phil. Trans. R. Soc. Lond.}}          %{Philosophical Transactions of the Royal Society of London}
@string{ptrsla =  {Phil. Trans. R. Soc. London Ser. A}}  %{Philosophical Transactions of the Royal Society of London Series A}
@string{pw     =  {Physics World}}                       %
@string{rmp    =  {Rev. Mod. Phys.}}                     %{Reviews of Modern Physics}
@string{rpp    =  {Rep. Prog. Phys.}}                    %{Reports on Progress in Physics}
@string{ssr    =  {Space Sci. Rev.}}                     %{Space Science Reviews}
@string{sov    =  {Sov. Astron.}}                        %{Soviet Astronomy}
@string{WS     =  {World Scientific}}                    %

@book{MTW,
  author = {Charles W. Misner and Kip S. Thorne and John A. Wheeler},
  title = {Gravitation},
  publisher = {W. H. Freeman},
  address = {San Francisco},
  year = 1973
}

@article{Jaffe,
  author={A. H. Jaffe and D. C. Backer},
  title={Gravitational Waves Probe the Coalescence Rate of Massive Black Hole Binaries},
  journal=apj,
  volume={583},
  number={2},
  pages={616},
  year={2003}
}

@ARTICLE{Enzo2014,
   author = {{Bryan}, G.~L. and {Norman}, M.~L. and {O'Shea}, B.~W. and {Abel}, T. and 
	{Wise}, J.~H. and {Turk}, M.~J. and {Reynolds}, D.~R. and {Collins}, D.~C. and 
	{Wang}, P. and {Skillman}, S.~W. and {Smith}, B. and {Harkness}, R.~P. and 
	{Bordner}, J. and {Kim}, J.-h. and {Kuhlen}, M. and {Xu}, H. and 
	{Goldbaum}, N. and {Hummels}, C. and {Kritsuk}, A.~G. and {Tasker}, E. and 
	{Skory}, S. and {Simpson}, C.~M. and {Hahn}, O. and {Oishi}, J.~S. and 
	{So}, G.~C. and {Zhao}, F. and {Cen}, R. and {Li}, Y. and {Enzo Collaboration}
	},
    title = "{ENZO: An Adaptive Mesh Refinement Code for Astrophysics}",
  journal = apjs,
archivePrefix = "arXiv",
   eprint = {1307.2265},
 primaryClass = "astro-ph.IM",
 keywords = {hydrodynamics, methods: numerical},
     year = 2014,
    month = apr,
   volume = 211,
      eid = {19},
    pages = {19},
      doi = {10.1088/0067-0049/211/2/19},
   adsurl = {http://adsabs.harvard.edu/abs/2014ApJS..211...19B},
  adsnote = {Provided by the SAO/NASA Astrophysics Data System}
}

